@BOOK{rudin,
  TITLE     = {Principles of Mathematical Analysis},
  AUTHOR    = {Walter Rudin},
  YEAR      = {1976},
  PUBLISHER = {McGraw Hill},
  EDITION   = {3}
}

@BOOK{johnandpfaff,
  TITLE     = {Foundations of Mathematical Analysis},
  AUTHOR    = {Richard Johnsonbaugh and W. E. Pfaffenberger},
  YEAR      = {2010},
  PUBLISHER = {Dover}
}
